@book{jackson,
title = "Classical electrodynamics",
   publisher = "Wiley",
   year = "1975",
author = "Jackson, J. D.",
}

@book{Electrostatique,
title = "\'{E}lectrostatique: Probl\`{e}mes g\'{e}n\'{e}raux, conducteurs, Tome 2",
   publisher = "Masson et Cie",
   year = "1966",
author = "Durand, E.",
}

@book{PixelDetectors,
title = "Pixel Detectors: From Fundamentals to Applications",
   series = "Particle Acceleration and Detection",
   publisher = "Springer-Verlag",
   address = "Berlin",
   year = "2006",
author = "Rossi, L. and others",
}

